<?xml version="1.0" encoding="UTF-8"?><collection xmlns="http://www.loc.gov/MARC21/slim"><record><leader>00401nam--2200145-i-4500</leader><controlfield tag="001">000021956</controlfield><controlfield tag="002">20161230</controlfield><controlfield tag="005">20170206182517</controlfield><controlfield tag="008">060222s1000------------r-----000-0-eng-d</controlfield><datafield ind1=" " ind2=" " tag="245"><subfield code="a">Handbuch der automatisierungs-technik</subfield></datafield><datafield ind1=" " ind2=" " tag="260"><subfield code="a">Berlin-Borsigwalde</subfield><subfield code="b">Verlag Fur Radio-foto Kinotechnik Gmbh</subfield><subfield code="c">1959</subfield></datafield><datafield ind1=" " ind2=" " tag="300"><subfield code="a">411 p</subfield></datafield><datafield ind1=" " ind2=" " tag="700"><subfield code="a">Kretzmann, Reinhard</subfield></datafield><datafield ind1=" " ind2=" " tag="852"><subfield code="a">7561</subfield></datafield><datafield ind1=" " ind2=" " tag="CAT"><subfield code="a">SYS</subfield><subfield code="c">20170206</subfield><subfield code="h">182517</subfield></datafield></record></collection>